% This file was created with JabRef 2.10.
% Encoding: UTF8

@Article{BitL,
	author = {Jan Schüßler},
	title = {Verschlüsselungssache Windows-Laufwerke mit BitLocker schützen},
	journal = {c't},
	page = {160},
	year  = {2015},
	number = {14}
}

@Electronic{AD,
  month = may,
  year  = {2016},
  title = {Active Directory},
  url   = {https://de.wikipedia.org/wiki/Active_Directory},
 Timestamp                = {2016.5.12}
}

@Electronic{KBVMH,
  author = {Margaret Rouse},
  month  = aug,
  year   = {2016},
  title  = {Kernel-based Virtual Machine Hypervisor},
  url    = {http://www.searchdatacenter.de/definition/KVM-Hypervisor-Kernel-based-Virtual-Machine-Hypervisor},
 Timestamp                = {2016.7.28}
}

@Electronic{rest,
  month = may,
  year  = {2016},
  title = {VLAN},
  url   = {https://de.wikipedia.org/wiki/Virtual_Local_Area_Network},
 Timestamp = {2016.7.28}
}


@Electronic{gbr,
  year  = {2015},
  title = {Geschäftsbericht Continental},
  url   = {http://report.conti-online.com/pages/management-report/corporate-profile/cp-divisions/cp-divisions_de.html},
 Timestamp                = {2016.7.28}
}
